%% This BibTeX bibliography file was created using BibDesk.
%% http://bibdesk.sourceforge.net/


%% Created for Peter Kovács at 2014-11-26 11:25:59 +0100 


%% Saved with string encoding Unicode (UTF-8) 



@book{HOAC,
	Author = {Alfred J. Menezes, Paul C. van Oorschot, Scott A. Vanstone},
	Title = {Handbook of Applied Cryptography},
	Publisher = {CRC Press},
	Year = {1996}}

@unpublished{Crypto101,
	Author = {Laurens Van Houtven},
	Title = {Crypto101},
	Note = {Dostupn{\'e} z \url{https://www.crypto101.io}},
	Year = 2014}
	
@manual{sjcl,
	Author = {Emily Stark, Mike Hamburg and Dan Boneh},
	Title = {Symmetric Cryptography in Javascript},
	Note = {Článok \url{http://bitwiseshiftleft.github.io/sjcl/acsac.pdf}},
	Note = {Dostupn{\'e} z \url{https://github.com/bitwiseshiftleft/sjcl}},
	Year = {2009}}

@misc{google,
	Title = {Google apis documentations},
	Note = {Dostupn{\'e} z \url{https://developers.google.com/}}
	}
	
@book{js,
	Author = {Douglas Crockford},
	Title = {JavaScript: The Good Parts},
	Publisher = {O'Reilly Media},
	Year = 2008}
